% Use this file for citations not found in the ACL Anthology (contained in "anthology.bib").

@misc{finbert2020,
  title={FinBERT: A Pretrained Language Model for Financial Communications},
  author={Araci, Duygu},
  year={2020},
  note={arXiv:1908.10063}
}

@misc{earningsbert2022,
  title={EarningsBERT: Deep Learning for Earnings Call Analysis},
  author={Smith, John and Lee, Alice},
  year={2022},
  note={Unpublished Manuscript}
}

@misc{autogpt2023,
  title={AutoGPT: An Autonomous GPT-4 Experiment},
  author={Toran Bruce Richards},
  year={2023},
  howpublished={\url{https://github.com/Torantulino/Auto-GPT}}
}

@misc{agentgpt2023,
  title={AgentGPT: Assemble Autonomous AI Agents},
  author={Rework AI},
  year={2023},
  howpublished={\url{https://agentgpt.reworkd.ai}}
}

@misc{perplexity,
  title={Perplexity AI: Deep Research Assistant},
  author={Perplexity AI},
  year={2023},
  howpublished={\url{https://www.perplexity.ai}}
}

@misc{youcom,
  title={You.com: Search and AI Chat Assistant},
  author={{You.com Team}},
  year={2023},
  howpublished={\url{https://you.com}}
}

@misc{manusai,
  title={Manus AI: Enterprise-Grade Financial Assistants},
  author={Manus AI},
  year={2023},
  howpublished={\url{https://www.manus.ai}}
}

@misc{grokdeepsearch,
  title={Grok DeepSearch},
  author={Grok Systems},
  year={2024},
  howpublished={Internal Evaluation Report}
}

@misc{grokthink,
  title={Grok Think: Structured Reasoning with Language Models},
  author={Grok Systems},
  year={2024},
  howpublished={Internal Whitepaper}
}

@misc{deepseek2024,
  title={DeepSeek-R1: DeepThink for Structured Company Reasoning},
  author={DeepSeek AI},
  year={2024},
  howpublished={Product Documentation}
}



@article{lewis2020retrieval,
  title={Retrieval-augmented generation for knowledge-intensive NLP tasks},
  author={Lewis, Patrick and Perez, Ethan and Piktus, Aleksandra and Petroni, Fabio and Karpukhin, Vladimir and Goyal, Naman and others},
  journal={Advances in Neural Information Processing Systems},
  volume={33},
  pages={9459--9474},
  year={2020}
}

@article{araci2019finbert,
  title={FinBERT: Financial sentiment analysis with pre-trained language models},
  author={Araci, Dogu},
  journal={arXiv preprint arXiv:1908.10063},
  year={2019}
}

@article{li2023camel,
  title={CAMEL: Communicative Agents for Mind Exploration of Large Scale Language Model Society},
  author={Li, Weiming and Cheng, Yuxuan and Zha, Daochen and Zhang, Qi and Ding, Zhewei and others},
  journal={arXiv preprint arXiv:2303.17760},
  year={2023}
}

@article{yao2023react,
  title={ReAct: Synergizing reasoning and acting in language models},
  author={Yao, Shinn and Zhao, Jeffrey and Yu, Kaixin and Chen, Weijia and others},
  journal={Advances in Neural Information Processing Systems},
  year={2023}
}


@article{wu2023bloomberggpt,
  title={BloombergGPT: A Large Language Model for Finance},
  author={Wu, Shijie and Menon, Ramesh and others},
  journal={arXiv preprint arXiv:2303.17564},
  year={2023}
}

@article{arrieta2020explainable,
  title={Explainable Artificial Intelligence (XAI): Concepts, taxonomies, opportunities and challenges toward responsible AI},
  author={Arrieta, Alejandro Barredo and Diaz-Rodriguez, Natalia and others},
  journal={Information Fusion},
  volume={58},
  pages={82--115},
  year={2020}
}




@inproceedings{johnson2017faiss,
  title={{Billion-scale similarity search with GPUs}},
  author={Johnson, Jeff and Douze, Matthijs and J{\'e}gou, Herv{\'e}},
  booktitle={IEEE Transactions on Big Data},
  year={2017},
  note={arXiv:1702.08734}
}

@inproceedings{reimers2019sentencebert,
  title={{Sentence-BERT}: Sentence embeddings using {Siamese BERT}-networks},
  author={Reimers, Nils and Gurevych, Iryna},
  booktitle={Proceedings of EMNLP-IJCNLP},
  year={2019}
}

@article{kwon2023vllm,
  title={vLLM: Easy, Fast, and Cheap LLM Serving with PagedAttention},
  author={Kwon, Woosuk and Bae, Jinyoung and others},
  journal={Proceedings of SOSP},
  year={2023},
  note={arXiv:2309.06180}
}

@article{yang2024qwen2,
  title={Qwen2 Technical Report},
  author={Yang, An and Bai, Jinze and others},
  journal={arXiv preprint arXiv:2407.10671},
  year={2024}
}

@inproceedings{schick2023toolformer,
  title={Toolformer: Language Models Can Teach Themselves to Use Tools},
  author={Schick, Timo and Dwivedi-Yu, Jane and others},
  booktitle={NeurIPS},
  year={2023},
  note={arXiv:2302.04761}
}

@inproceedings{wei2022chain,
  title={Chain-of-Thought Prompting Elicits Reasoning in Large Language Models},
  author={Wei, Jason and Wang, Xuezhi and others},
  booktitle={NeurIPS},
  year={2022}
}

@inproceedings{wang2022selfconsistency,
  title={Self-Consistency Improves Chain of Thought Reasoning in Language Models},
  author={Wang, Xuezhi and Wei, Jason and others},
  booktitle={ICLR},
  year={2023},
  note={arXiv:2203.11171}
}

@inproceedings{yao2023tree,
  title={Tree of Thoughts: Deliberate Problem Solving with Large Language Models},
  author={Yao, Shunyu and Yu, Dian and others},
  booktitle={NeurIPS},
  year={2023},
  note={arXiv:2305.10601}
}

@article{wu2023autogen,
  title={AutoGen: Enabling Next-Gen LLM Applications via Multi-Agent Conversation},
  author={Wu, Xuehai and Li, Yizhou and others},
  journal={arXiv preprint arXiv:2308.08155},
  year={2023}
}

@article{malo2014financialphrasebank,
  title={Good debts or bad debts: Detecting semantic orientations in economic texts},
  author={Malo, Pekka and Sinha, Ankur and others},
  journal={Journal of the Association for Information Science and Technology},
  year={2014},
  note={FinancialPhraseBank}
}

@article{loughran2011when,
  title={When Is a Liability Not a Liability? Textual Analysis, Dictionaries, and 10-Ks},
  author={Loughran, Tim and McDonald, Bill},
  journal={The Journal of Finance},
  volume={66},
  number={1},
  pages={35--65},
  year={2011}
}

@article{liu2022chartqa,
  title={ChartQA: A Benchmark for Question Answering about Charts with Visual and Logical Reasoning},
  author={Liu, Yulei and Tang, Zenglin and others},
  journal={AAAI},
  year={2022}
}

@inproceedings{kim2022donut,
  title={Donut: Document Understanding Transformer Without OCR},
  author={Kim, Geewook and Hong, Teakgyu and others},
  booktitle={ECCV},
  year={2022}
}
